@Manual{downes2002shortams,
  title = 	 {{Short Math Guide for \LaTeX{}}},
  author = 	 {Downes,, Michael},
  organization = {American Mathematical Society},
  year = 	 {2002},
  url = 	 {ftp://ftp.ams.org/pub/tex/doc/amsmath/short-math-guide.pdf}
}

@Manual{adt7301,
	title = "ADT7301 Temperature Sensor Datasheet",
	organization = "Analog Devices",
	note = "Rev. B",
	year = 2011
}

@misc{ wiki:spi,
	author = "{Wikipedia contributors}",
	title = "Serial Peripheral Interface --- {W}ikipedia{,} The Free Encyclopedia",
	year = "2022",
	url = "https://en.wikipedia.org/wiki/Serial_Peripheral_Interface",
	note = "[Preuzeto 16. 4. 2022.]"
}

@Manual{stm32f4,
	title = "RM0090	Reference manual: STM32F405/415, STM32F407/417, STM32F427/437 and STM32F429/439 advanced Arm®-based 32-bit MCUs",
	organization = "ST Microelectronics",
	note = "Rev. 19",
	year = 2021
}

@Manual{stm32l4,
	title = "RM0351	Reference manual STM32L47xxx, STM32L48xxx, STM32L49xxx and STM32L4Axxx	advanced Arm®-based 32-bit MCUs",
	organization = "ST Microelectronics",
	note = "Rev. 9",
	year = 2021
}
